@misc{dataset,
  title = {Unsupervised Learning on Country Data},
  author = {Rohan Kokkula},
  year = {2024},
  url = {https://www.kaggle.com/datasets/rohan0301/unsupervised-learning-on-country-data},
  urldate = {2024-05-12}
}

@inproceedings{sklearn_api,
  author    = {Lars Buitinck and Gilles Louppe and Mathieu Blondel and
                Fabian Pedregosa and Andreas Mueller and Olivier Grisel and
                Vlad Niculae and Peter Prettenhofer and Alexandre Gramfort
                and Jaques Grobler and Robert Layton and Jake VanderPlas and
                Arnaud Joly and Brian Holt and Ga{\"{e}}l Varoquaux},
  title     = {{API} design for machine learning software: experiences from the scikit-learn
                project},
  booktitle = {ECML PKDD Workshop: Languages for Data Mining and Machine Learning},
  year      = {2013},
  pages = {108--122},
}
